@inproceedings{ICPDSSE,
	Author = {Robert H{\"o}ttger and Lukas Krawczyk and Burkhard Igel},
	Booktitle = {International Conference on Parallel, Distributed Systems and Software Engineering},
	series ={ICPDSSE'15},
	Index = {International Science Index, Computer and Information Engineering},
	Institution = {FH Dortmund},
	Issn = {1307-6892},
	Keywords = {partitioning; mapping; distributed systems; scheduling; embedded multicore systems; model-based; system analysis},
	Pages = {2643--2649},
	Numpages={7},
	Publisher = {World Academy of Science, Engineering and Technology},
	Title = {{Model-Based Automotive Partitioning and Mapping for Embedded Multicore Systems}},
	Volume = {2},
	Year = {2015}
}

@inproceedings{tileref,
	Author = {David Wentzlaff and Patrick Griffin and Henry Hoffmann et al.},
	Issn = {0272-1732},
	Pages = {15--31},
	Publisher = {IEEE Computer Society},
	Title = {{On-chip Interconnection Architecture of the Tile Processor}},
	Year = {2017}
}

@online{amalthea4publicweb,
	title = {http://www.amalthea-project.org/},
	url =   {http://www.amalthea-project.org/},
}

@online{app4mcproposaleclipse,
	title = {https://projects.eclipse.org/proposals/app4mc},
	url =   {https://projects.eclipse.org/proposals/app4mc},
}

@book{springerparallel,
	TITLE = {Parallel Programming},
	SUBTITLE = {for Multicore and Cluster Systems},
	AUTHOR = {Thomas Rauber and Gudula R{\"u}nger},
	YEAR = {2013}, 
	PUBLISHER = {Springer-Verlag Berlin Heidelberg},
}

@online{autosararch,
	title = {https://hpi.de/fileadmin/user\texttt{\_}upload/fachgebiete/giese/Ausarbeitungen\texttt{\_}AUTOSAR0809/\\Software\texttt{\_}Architecture\texttt{\_}Warschofsky.pdf.},
	url =   {https://hpi.de/fileadmin/user\texttt{\_}upload/fachgebiete/giese/Ausarbeitungen\texttt{\_}AUTOSAR0809/\\Software\texttt{\_}Architecture\texttt{\_}Warschofsky.pdf.},
}

@online{xmoskitweb,
	title = {https://www.xmos.com/support/boards?product=18230},
	url = {https://www.xmos.com/support/boards?product=18230},
}

@online {xmosdatasheet,
	title = {http://www.xmos.com/download/private/XE216-512-TQ128-Datasheet%281.12%29.pdf},
	url = {http://www.xmos.com/download/private/XE216-512-TQ128-Datasheet%281.12%29.pdf},
}

@online {xmosflyer,
	title = {http://www.xmos.com/download/private/xCORE-Architecture-Flyer%281.1%29.pdf},
	url = {http://www.xmos.com/download/private/xCORE-Architecture-Flyer%281.1%29.pdf},	
}

@article {roundrobin,
	author = {Kleinrock, Leonard},
	title = {Analysis of A time-shared processor},
	journal = {Naval Research Logistics Quarterly},
	volume = {11},
	number = {1},
	publisher = {Wiley Subscription Services, Inc., A Wiley Company},
	issn = {1931-9193},
	url = {http://dx.doi.org/10.1002/nav.3800110105},
	doi = {10.1002/nav.3800110105},
	pages = {59--73},
	year = {1964},
}

@book{pipelinebook,
	TITLE = {Computer Organization (5th Edition)},
	AUTHOR = {Carl Hamacher},
	pages = {453--510},
	url = {http://www.mhhe.com/engcs/electrical/hamacher/5e/graphics/ch08\texttt{\_}453-510.pdf},
	YEAR = {2001}, 
	PUBLISHER = {McGraw Hill Higher Education},
}

@online {
	xmosprogrguide,
	title = {https://www.xmos.com/download/private/XMOS-Programming-Guide-(documentation)(E).pdf},
	url = {https://www.xmos.com/download/private/XMOS-Programming-Guide-(documentation)(E).pdf},
}

@online {
	raspberrypiinfo,
	title = {https://www.raspberrypi.org/products/raspberry-pi-3-model-b/},
	url = {https://www.raspberrypi.org/products/raspberry-pi-3-model-b/},
}

@online {
	raspbiandownload,
	title = {https://www.raspberrypi.org/downloads/raspbian/},
	url = {https://www.raspberrypi.org/downloads/raspbian/},
}

@online {
	ubuntumatedownload,
	title = {https://ubuntu-mate.org/raspberry-pi/},
	url = {https://ubuntu-mate.org/raspberry-pi/},
}

@book{linuxkernelbook,
	TITLE = {Professional Linux Kernel Architecture},
	AUTHOR = {Wolfgang Mauerer},
	pages = {1--33},
	url = {http://www.ittc.ku.edu/~kulkarni/teaching/EECS678/projects/scheduling/materials/plka.pdf},
	ISBN = {978-0-470-34343-2},
	YEAR = {2008}, 
	PUBLISHER = {Wiley Publishing, Inc.},
}

@book{howlinuxworksbook,
	TITLE = {How Linux Works},
	AUTHOR = {Brian Ward},
	ISBN = {978-1-59327-567-9},
	YEAR = {2014}, 
	PUBLISHER = {No Starch Press},
}

@online{pwm,
	title = {https://learn.sparkfun.com/tutorials/pulse-width-modulation},
	url = {https://learn.sparkfun.com/tutorials/pulse-width-modulation},
}

@online{uart,
	title={http://students.iitk.ac.in/eclub/assets/lectures/summer12/uart.pdf},
	url={http://students.iitk.ac.in/eclub/assets/lectures/summer12/uart.pdf},
}

@online{
	i2c,
	title={https://learn.sparkfun.com/tutorials/i2c/all.pdf},
	url={https://learn.sparkfun.com/tutorials/i2c/all.pdf},
}