@IEEEtranBSTCTL{IEEEexample:BSTcontrol,
	CTLuse_forced_etal       = "yes",
	CTLmax_names_forced_etal = "3",
	CTLnames_show_etal       = "3" }

@inproceedings{activitybot,
author = {Hoettger, Robert and Naerdemann, Phil and Krawczyk, Lukas},
booktitle = {Int. Research Conf. Dortmund},
title = {{Comprehensive Utilization of the AMALTHEA Tool Platform – A Use-Case along with the Parallax Activity Bot}},
year = {2015}
}

@article{bosch,
	author = {Hamann, Arne and Ziegenbein, Dirk and Kramer, Simon and Lukasiewycz, Martin},
	journal = {{Robert Bosch GmbH}},
	title = {{FMTV 2016 Verification Challenge}},
	year = {2016}
}

@misc{app4mc,
	title ={{APP4MC Eclipse Project - An Open-Source Tool Platform for Multi- and Many-Core Embedded System Development}},
	url = {http://projects.eclipse.org/projects/technology.app4mc},
	Author = {{AMALTHEA4public consortium and various contributors}},
	month = {Augutst},
	year = 2016
}

@misc{amalthea,
	author = {Topp, Karlheinz and Mackamul, Harald and Brink, Christopher and Frigge, Michael and Trapp, Ralph and Hirsch, Martin and Igel, Burkhard and Kamsties, Erik and Sachweh, Sabine and Wolff, Carsten and Jatzkowski, Jan and Adamczyk, Heiko and Wendehals, Lothar and Deubzer, Michael and Hobelsberger, Martin and Sailer, Andreas},
	title = {{AMALTHEA - A Roadmap for a ''Model Based Open Source Development Environment for Automotive Multi Core Systems''}},
	year = {2012},
	url = {http://amalthea-project.org/index.php/roadmap}
}

@article{tracing,
	author = {Hoettger, Robert and Igel, Burkhard},
	journal = {18th Int. Workshop on Software and Compilers for Embedded Systems},
	month = {June},
	title = {{Utilizing Vector Clocks in an Iterative Tracing Approach for Distributed Embedded Systems}},
	year = {2015}
}

@misc{autosar,
	url = {http://www.autosar.org},
	year = {2016},
	title = {{AUTomotive Open System ARchitecture}},
	author = {{AUTOSAR consortium}}
}

@inproceedings{product,
  Title = {{Using Cross-Dependencies During Configuration of System Families}},
  Author = {Brink, Christopher and Heisig, Philipp and Sachweh, Sabine},
  Booktitle = {16th Int. Conf. Product-Focused Software Process Improvement},
  Year = {2015}
}

@article{Hoettger2015ICPDSSE,
	Author = {Robert Hoettger and Lukas Krawczyk and Burkhard Igel},
	Bibsource = {http://waset.org/abstracts},
	Journal = {Int. Conf. on Parallel, Distributed Systems and Software Engineering, Istanbul, Turkey},
	Email = {robert.hoettger@fh-dortmund.de},
	Index = {International Science Index, Computer and Information Engineering, 2(1) 2014},
	Institution = {FH Dortmund},
	Issn = {1307-6892},
	Keywords = {partitioning; mapping; distributed systems; scheduling; embedded multicore systems; model-based; system analysis},
	Number = {1},
	Pages = {2643--2649},
	Publisher = {World Academy of Science, Engineering and Technology},
	Title = {{Model-Based Automotive Partitioning and Mapping for Embedded Multicore Systems}},
	Volume = {2},
	Year = {2015}}

@article{tracing2,
	author = {Hoettger, Robert and Igel, Burkhard and Kamsties, Erik},
	journal = {Int. Journal of Computing},
	number = {4},
	pages = {324--332},
	title = {{Vector Clock Tracing and Model-Based Partitioning for Distributed Embedded Systems}},
	volume = {12},
	year = {2013}
}

@article{carsten1,
	author = {Wolff, Carsten and H{\"{o}}ttger, Robert and Igel, Burkhard and Kamsties, Erik and Lauschner, Uwe and Brink, Christopher},
	journal = {4th Int. Scientific Conf. on Project Management in the Baltic Countries},
	month = {apr},
	title = {{Automotive Software Development with AMALTHEA}},
	year = {2015}
}

@article{carsten2,
	author = {Wolff, Carsten and Krawczyk, Lukas and H{\"{o}}ttger, Robert and Lauschner, Uwe and Kamsties, Erik and Igel, Burkhard},
	file = {:Users/A4P/ownCloud/Publications/2015/IDAACS 2015 (accepted)/IDAACS2015.pdf:pdf},
	journal = {8th IEEE Int. Conf. on Intelligent Data Acquisition and Advanced Computing Systems: Technology and Applications},
	keywords = {amalthea,automotive software,software development,tool chain tailoring,tool chains},
	number = {September},
	title = {{AMALTHEA – Tailoring Tools to Projects in Automotive Software Development}},
	year = {2015}
}

@article{ta,
	author = {Alfranseder, Martin and Krapf, Tobias and Mader, Ralph and Niemetz, Michael and Siemers, Christian},
	pages = {1--9},
	title = {{An Efficient Partitioning Strategy for Runnables in Weakly Dependent Tasks on Embedded Multi-Core Systems}},
	year = {2014},
	journal = {IEEE Int. Performance Computing and Communications Conf. (IPCCC)}
}

@inproceedings{fruhner,
	author = {Fruhner, Daniel and H{\"{o}}ttger, Robert and K{\"{o}}pfer, Sebastian and Krawczyk, Lukas},
	booktitle = {Int. Research Conf. 2014},
	file = {:Users/A4P/ownCloud/Publications/2014/{\_}IRC2014 (accepted)/V2{\_}Partitioning and Mapping for Embedded Mutlicore System Utilization in Context of the Model Based Open Source Development Environment Platform AMALTHEA.pdf:pdf},
	title = {{Partitioning and Mapping for Embedded Mutlicore System Utilization in Context of the Model Based Open Source Development Environment Platform AMALTHEA}},
	year = {2014}
}
	
@inproceedings{sailer,
	author    = {Andreas Sailer},
	title     = {{Towards an Automated Reverse Engineering of Design Models from Trace Recordings}},
	booktitle = {44. Jahrestagung der Gesellschaft f{\"{u}}r Informatik, Informatik	2014, Big Data - Komplexit{\"{a}}t meistern, 22.-26. September 2014 in Stuttgart, Deutschland},
	pages     = {2233--2244},
	year      = {2014},
}

@article{david,
	author = {Holtmann, J{\"{o}}rg and Bernijazov, Ruslan and Meyer, Matthias and Schmelter, David and Tschirner, Christian},
	journal = {Proc. of the Int. Conf. on Software and Systems Process (ICSSP)},
	pages = {57--66},
	title = {{Integrated Systems Engineering and Software Requirements Engineering for Technical Systems}},
	year = {2015}
}
	
@misc{amaltheahelp,
	title = {{AMALTHEA Help Documentation and Model Description}},
	author = {{AMALTHEA consortium}},
	year = {2016},
	url = {www.amalthea-project.org}
}

@article{bodis,
	author = {Bodis, Attila},
	journal = {Acta Universitatis Sapientiae, Informatica},
	number = {1},
	pages = {31--57},
	title = {{Bin Packing with Directed Stackability Conflicts}},
	volume = {7},
	year = {2015}
}

@article{listsched,
	author = {Arabnejad, Hamid and Barbosa, Jorge G},
	journal = {IEEE Transactions on Parallel and Distributed Systems},
	number = {3},
	pages = {682--694},
	title = {{List Scheduling Algorithm for Heterogeneous Systems by an Optimistic Cost Table}},
	volume = {25},
	year = {2014}
}

@misc{xmos,
	url = {http://www.xmos.com/support/boards?product=15825},
	title = {{xCORE General Purpose sliceKIT}},
	author = {{XMOS Limited}},
	address = {107 Cheapside, London, EC2V 6DN (XMOS)}
}
	
@misc{pror,
	title = {{Requirements Engineering Platform - An Editor powered by the Eclipse RMF Project}},
	author = {{The Eclipse Foundation}},
	url = {https://www.eclipse.org/rmf/pror/},
	year = 2016,
}

@book{Pohl2005,
	author = {Pohl, Klaus and B\"{o}ckle, G\"{u}nter and Linden, Frank J. van der},
	title = {{Software Product Line Engineering: Foundations, Principles and Techniques}},
	year = {2005},
	isbn = {3540243720},
	publisher = {Springer-Verlag New York, Inc.},
	address = {Secaucus, NJ, USA},
}
@techreport{Kang1990,
	title={{Feature-Oriented Domain Analysis (FODA) Feasibility Study}},
	author={Kyo Kang and Sholom Cohen and James Hess and William Novak and A. Peterson},
	year={1990},
	number={CMU/SEI-90-TR-021 },
	institution={Software Engineering Institute, Carnegie Mellon University},
	address={Pittsburgh, PA},
	url={http://resources.sei.cmu.edu/library/asset-view.cfm?AssetID=11231}
}

@ARTICLE{k-way,
	author = {G. Karypis and Vipin Kumar},
	title = {{Multilevel k-way Partitioning Scheme for Irregular Graphs}},
	journal = {JOURNAL OF PARALLEL AND DISTRIBUTED COMPUTING},
	year = {1998},
	volume = {48},
	pages = {96--129}
}

@article{hanoi,
	author = {Bodis, Attila},
	doi = {10.1515/ausi-2015-0011},
	journal = {Acta Universitatis Sapientiae, Informatica},
	number = {1},
	pages = {31--57},
	title = {{Bin Packing with Directed Stackability Conflicts}},
	volume = {7},
	year = {2015}
}

@phdthesis{Frey2010,
	author = {Frey, Patrick},
	school = {Ulm University},
	title = {{A Timing Model for Real-Time Control-Systems and its Application on Simulation and Monitoring of AUTOSAR Systems Dissertation}},
	year = {2010},
	type ={PhD Thesis}
}

@Misc{AMALTHEA-WP3-D3.4,
	Title                    = {{Deliverable D3.4: Prototypical Implementation of Selected Concepts}},
	Author                   = {AMALTHEA},
	Month                    = {April},
	Year                     = {2014}
}

@phdthesis{Thabit82,
	author= {Thabit, Khalid Omar},
	title= {{Cache Management by the Compiler}},
	year={1982},
	school ={Rice University, Houston, USA},
	type ={PhD Thesis}
}

@inproceedings{rajkumar1,
	author    = {Ragunathan Rajkumar and Lui Sha and John P. Lehoczky},
	title     = {{Real-Time Synchronization Protocols for Multiprocessors}},
	booktitle = {Proc. of the 9th {IEEE} Real-Time Systems Symp. {(RTSS}'88)},
	pages     = {259--269},
	year      = {1988},
}

@inproceedings{brink,
	author={Brink, C. and Heisig, P. and Wackermann, F. },
	title={{Change Impact in Product Lines: A Systematic Mapping Study}},
	booktitle={The 22nd Int. Conf. on Information and Software Technologies},
	month={Oktober},
	year=	2016
	}
	
@inproceedings{capra,
	author={Salome Marco},
	title={{Improving Software Traceability in the Development of Automotive Embedded Systems}},
	year={2016},
	booktitle={REFSQ 2016 Doctoral Symp.}
}

@inproceedings{msrp,
	author = {Gai, Paolo and Natale, Marco Di and Lipari, Giuseppe and Superiore, Scuola and Anna, Sant and Ferrari, Alberto and Gabellini, Claudio and Marceca, Paolo},
	booktitle = {IEEE Real Time Technology and Applications Symp.},
	pages = {1--10},
	title = {{A comparison of MPCP and MSRP when sharing resources in the Janus multiple-processor on a chip platform}},
	year = {2003}
}


@inproceedings{fmlp,
	annote = {FMLP},
	author = {Block, Aaron and Leontyev, Hennadiy and Brandenburg, B and Anderson, James H},
	booktitle = {Int. Conf. on Embedded and Real-Time Computing Systems and Applications},
	isbn = {0769529755},
	title = {{A Flexible Real-Time Locking Protocol for Multiprocessors ∗}},
	year = {2007}
}


@inproceedings{rnlp,
	author = {Ward, Bryan C and Anderson, James H},
	booktitle = {Proc. of the 24th Euromicro Conf. on Real-Time Systems},
	pages = {223--232},
	publisher = {IEEE Computer Society},
	title = {{Supporting Nested Locking in Multiprocessor Real-Time Systems}},
	year = {2012}
}

@article{pwlp,
	author = {Alfranseder, Martin and Deubzer, Michael and Justus, Benjamin and Siemers, Christian},
	journal = {IEEE Int. Performance Computing and Communications Conf.},
	keywords = {busy-wait,embedded real-time systems,locking,multi-core processors,protocols,resource sharing protocols,spin-locks,synchronization},
	title = {{An Efficient Spin-Lock Based Multi-core Resource Sharing Protocol}},
	year = {2014}
}

@article{Lakshmanan2011,
	annote = {Survey!},
	author = {Lakshmanan, Karthik},
	journal = {Proc. of the SAE World Congress and Exhibition},
	title = {{AUTOSAR Extensions for Predictable Task Synchronization in MultiCore ECUs}},
	year = {2011}
}

@article{Becker2015,
	author = {Becker, Matthias and Khalilzad, Nima and Bril, Reinder J and Nolte, Thomas},
	keywords = {AUTOSAR,FPDS,FPS,Scheduling},
	title = {{Extended Support for Limited Preemption Fixed Priority Scheduling for OSEK / AUTOSAR-Compliant Operating Systems}},
	journal={10th IEEE Int. Symp. on Industrial Embedded Systems},
	volume = {2},
	year = {2015}
}

@inproceedings{wieder2013,
	author    = {Alexander Wieder and Bj{\"{o}}rn B. Brandenburg},
	title     = {{On Spin Locks in AUTOSAR: Blocking Analysis of FIFO, Unordered, and Priority-Ordered Spin Locks}},
	booktitle = {Proc. of the {IEEE} 34th Real-Time Systems Symp., {RTSS}},
	pages     = {45--56},
	year      = {2013}
}

@inproceedings{Yang2015,
	address = {San Antonio, TX},
	author = {Yang, Maolin and Wieder, Alexander},
	booktitle = {Real-Time Systems Symp., 2015 IEEE},
	pages = {1--12},
	publisher = {IEEE},
	title = {{Global Real-Time Semaphore Protocols : A Survey , Unified Analysis , and Comparison}},
	year = {2015}
}
@inproceedings{Faragardi2014,
	author = {Faragardi, Hamid Reza and Sandstr, Kristian and Nolte, Thomas},
	booktitle = {7th Int. Symp. on Telecommunications},
	keywords = {-autosar,feedback-based search,ing,mapping,multi-core schedul-,runnable,simulated annealing,smsa},
	pages = {41--48},
	title = {{An Efficient Scheduling of AUTOSAR Runnables to Minimize Communication Cost in Multi-core Systems}},
	year = {2014}
}
@inproceedings{Kluge2009,
	author = {Kluge, Florian and Yu, Chenglong and Mische, J\"{o}rg and Uhrig, Sascha and Ungerer, Theo},
	title = {{Implementing AUTOSAR Scheduling and Resource Management on an Embedded SMT Processor}},
	booktitle = {Proc. of th 12th Int. Workshop on Software and Compilers for Embedded Systems},
	year = {2009},
	isbn = {978-1-60558-696-0},
	location = {Nice, France},
	pages = {33--42},
	numpages = {10},
	publisher = {ACM},
	address = {New York, NY, USA},
} 
@article{monot2012,
	TITLE = {{Multi-source software on multicore automotive ECUs}},
	AUTHOR = {Monot, Aur{\'e}lien and Navet, Nicolas and Bavoux, Bernard and Simonot-Lion, Fran{\c c}oise},      
	JOURNAL = {{IEEE Transactions on Industrial Electronics}},
	PUBLISHER = {{Institute of Electrical and Electronics Engineers}},
	VOLUME = {59},
	NUMBER = {10},
	PAGES = {3934-3942},
	YEAR = {2012},
	KEYWORDS = {automotive engineering ; harmonic analysis ; job shop scheduling ; multicore processing ; resource management ; schedules ; software},
	HAL_ID = {hal-00646043},
	HAL_VERSION = {v1},
}

@inproceedings{Kehr2016,
	author = {Kehr, Sebastian and Panic, Milos and Quinones, Eduardo and Boddeker, Bert and Sandoval, Jorge Becerril and Abella, Jaume and Cazorla, Francisco J and Schafer, Gunter},
	booktitle = {Design, Automation {\&} Test in Europe (DATE)},
	isbn = {9783981537079},
	pages = {25--30},
	title = {{Supertask : Maximizing Runnable-Ievel Parallelism in AUTOSAR Applications}},
	year = {2016}
}

@inproceedings{Kehr2014,
	author = {Kehr, Sebastian and Panic, Milos and Quiñones, Eduardo and Boddecker, Bert and Abella, Jaume and Cazorla, Francisco J. and Sch{\"{a}}fer, G{\"{u}}nter},
	booktitle = {Proc. of the Int. Conf. on Hardware/Software Codesign and System Synthesis},
	file = {:Users/A4P/ownCloud/Dissertation/Literature/codes-isss{\_}2014.pdf:pdf},
	isbn = {9781450330510},
	pages = {29:1--29:10},
	publisher = {ACM},
	title = {{RunPar : An Allocation Algorithm for Automotive Applications Exploiting Runnable Parallelism in Multicores}},
	year = {2014}
}

@inproceedings{Lowinski2015,
	author = {Lowinski, Martin and Ziegenbein, Dirk and Glesner, Sabine},
	booktitle = {Proc. of the Int. Workshop on Modelling in Automotive Software Engineering},
	file = {:Users/A4P/ownCloud/Dissertation/Literature/MASE{\_}2015{\_}paper{\_}4.pdf:pdf},
	keywords = {automotive,control software,parallelization,real-time},
	mendeley-groups = {Amalthea},
	pages = {2--11},
	title = {{Partitioning Embedded Real-Time Control Software based on Communication Dependencies}},
	year = {2015}
}

@inproceedings{Lowinski2016,
	author = {Lowinski, Martin and Ziegenbein, Dirk and Glesner, Sabine},
	booktitle = {11th IEEE Symp. on Industrial Embedded Systems},
	file = {:Users/A4P/ownCloud/Dissertation/Literature/07509418.pdf:pdf},
	title = {{Splitting Tasks for Migrating Real-Time Automotive Applications to Multi-Core ECUs}},
	year = {2016}
}

@inproceedings{Kramer2015,
	author = {Kramer, Simon and Ziegenbein, Dirk and Hamann, Arne},
	booktitle = {6th Int. Workshop on Analysis Tools [...] for Embedded and Real-time Systems (WATERS)},
	file = {:Users/A4P/ownCloud/Dissertation/Literature/WATERS15{\_}Real{\_}World{\_}Automotive{\_}Benchmark{\_}For{\_}Free.pdf:pdf},
	keywords = {analysis techniques,automotive software,benchmarks,due to the introduction,for front loading with,formal,of multi-core execution platforms,timing analysis,unsatisfactory given the potential},
	title = {{Real World Automotive Benchmarks For Free}},
	year = {2015}
}

@inproceedings{Krawczyk2015,
	author={Krawczyk, Lukas	and Wolff, Carsten	and Fruhner, Daniel},
	title={{Automated Distribution of Software to Multi-core Hardware in Model Based Embedded Systems Development}},
	bookTitle={Proc. of the 21st Int. Conf. on Information and Software Technologies (ICIST)},
	year=2015,
	publisher={Springer Int.},
	pages={320--329},
	isbn={978-3-319-24770-0}
}

@inproceedings{Brandenburg2013,
	author = {Brandenburg, Bjorn B.},
	title = {{Improved Analysis and Evaluation of Real-time Semaphore Protocols for P-FP Scheduling}},
	booktitle = {Proc. of the 19th Real-Time and Embedded Technology and Applications Symp. (RTAS)},
	year = {2013},
	isbn = {978-1-4799-0186-9},
	pages = {141--152},
	numpages = {12},
	publisher = {IEEE Computer Society}
} 
@inproceedings{let,
	author = {Kirsch, Christoph M and Sokolova, Ana},
	booktitle = {Advances in Real-Time Systems},
	file = {:Users/A4P/ownCloud/Dissertation/Literature/LET ARTS-chapter.pdf:pdf},
	pages = {1--18},
	title = {{The Logical Execution Time Paradigm}},
	year = {2012}
}

@misc{omlp,
	author = {Brandenburg, Bj{\"{o}}rn B. and Anderson, James H},
	booktitle = {Design Automation for Embedded Systems},
	doi = {10.1007/s10617-012-9090-1},
	file = {:Users/A4P/ownCloud/Dissertation/Literature/omlp.pdf:pdf},
	issn = {09295585},
	keywords = {Mutual exclusion,Optimal locking protocol,Priority inversion,Reader-writer exclusion,Real-time synchronization,Schedulability study,k-exclusion},
	pages = {1--66},
	title = {{The OMLP family of optimal multiprocessor real-time locking protocols}},
	year = {2012}
}

@Inbook{Brink2015,
	author={Brink, Christopher and Heisig, Philipp and Sachweh, Sabine},
	editor={Abrahamsson, Pekka and Corral, Luis	and Oivo, Markku and Russo, Barbara},
	title={{Using Cross-Dependencies During Configuration of System Families}},
	bookTitle={Proc. of the 16th Int. Conf. on Product-Focused Software Process Improvement},
	year={2015},
	publisher={Springer Int.},
	pages={439--452}
}

@inproceedings{maro,
	author = {Maro, Salome and Anjorin, Anthony and Wohlrab, Rebekka and Stegh\"{o}fer, Jan-Philipp},
	title = {{Traceability Maintenance: Factors and Guidelines}},
	booktitle = {Proc. of the 31st IEEE/ACM Int. Conf. on Automated Software Engineering},
	year = {2016},
	isbn = {978-1-4503-3845-5},
	location = {Singapore, Singapore},
	pages = {414--425},
	numpages = {12},
	publisher = {ACM}
} 